<record><leader>00000cas a22000007a 4500</leader><controlfield tag="001">20926641</controlfield><controlfield tag="008">900119u1942uuuunyuwr n       0    0srp d</controlfield><datafield ind1=" " ind2=" " tag="010"><subfield code="a">sn 90065004 </subfield></datafield><datafield ind1=" " ind2=" " tag="040"><subfield code="a">YOX</subfield><subfield code="b">eng</subfield><subfield code="c">YOX</subfield><subfield code="d">OCLCQ</subfield><subfield code="d">OCLCF</subfield><subfield code="d">OCLCO</subfield><subfield code="d">OCLCQ</subfield></datafield><datafield ind1="0" ind2=" " tag="041"><subfield code="a">srp</subfield><subfield code="a">eng</subfield></datafield><datafield ind1=" " ind2=" " tag="042"><subfield code="a">msc</subfield></datafield><datafield ind1="0" ind2="0" tag="245"><subfield code="a">Yugoslav news =</subfield><subfield code="b">Jugoslovenske vesti.</subfield></datafield><datafield ind1="3" ind2="1" tag="246"><subfield code="a">Jugoslovenske vesti</subfield></datafield><datafield ind1=" " ind2=" " tag="260"><subfield code="a">New York, N.Y. :</subfield><subfield code="b">Dushan Popovich</subfield></datafield><datafield ind1=" " ind2=" " tag="300"><subfield code="a">volumes</subfield></datafield><datafield ind1=" " ind2=" " tag="310"><subfield code="a">Weekly</subfield></datafield><datafield ind1=" " ind2=" " tag="336"><subfield code="a">text</subfield><subfield code="b">txt</subfield><subfield code="2">rdacontent</subfield></datafield><datafield ind1=" " ind2=" " tag="337"><subfield code="a">unmediated</subfield><subfield code="b">n</subfield><subfield code="2">rdamedia</subfield></datafield><datafield ind1=" " ind2=" " tag="338"><subfield code="a">volume</subfield><subfield code="b">nc</subfield><subfield code="2">rdacarrier</subfield></datafield><datafield ind1="0" ind2=" " tag="362"><subfield code="a">Vol. 1, no. 1 (Jan. 11, 1942)-</subfield></datafield><datafield ind1=" " ind2=" " tag="500"><subfield code="a">"Successor to the oldest Serbian newspaper in America, formerly Rattan, established Jan. 27, 1900, succeeded by Serb Sentinel and Yugoslavia, all by the same and present publisher and editor."</subfield></datafield><datafield ind1=" " ind2=" " tag="546"><subfield code="a">In Serbo-Croatian (Cyrillic), with notices and advs. in English.</subfield></datafield><datafield ind1=" " ind2="0" tag="650"><subfield code="a">Serbian Americans</subfield><subfield code="v">Newspapers.</subfield></datafield><datafield ind1=" " ind2="7" tag="650"><subfield code="a">Serbian Americans.</subfield><subfield code="2">fast</subfield><subfield code="0">(OCoLC)fst01112915</subfield></datafield><datafield ind1=" " ind2="7" tag="655"><subfield code="a">Newspapers.</subfield><subfield code="2">fast</subfield><subfield code="0">(OCoLC)fst01423814</subfield></datafield><datafield ind1=" " ind2=" " tag="752"><subfield code="a">United States</subfield><subfield code="b">New York</subfield><subfield code="c">New York</subfield><subfield code="d">New York.</subfield></datafield></record>